%
% references.bib -- Bibliography file
%
% (c) 2019 Autor, Hochschule Rapperswil
%
@online{online:wss,
title = {Wetterstation-Seegraeben},
URL = {https://www.wetter-seegraeben.ch/},
DAY = {21},
MONTH = may,
YEAR = 2019,
}

