%
% references.bib -- Bibliography file
%
% (c) 2019 Autor, Hochschule Rapperswil
%

@online{wikipedia:daubechies,
    title = {Daubechies wavelet},
    url = {https://en.wikipedia.org/wiki/Daubechies_wavelet},
}

@misc{gregory_r_lee_2019_2634243,
  author       = {Gregory R. Lee and
                  Ralf Gommers and
                  Filip Wasilewski and
                  Kai Wohlfahrt and
                  Aaron O'Leary},
  title        = {PyWavelets/pywt: PyWavelets v1.0.3},
  month        = apr,
  year         = 2019,
  doi          = {10.5281/zenodo.2634243},
  url          = {https://doi.org/10.5281/zenodo.2634243}
}

@misc{python,
  author       = {Python Software Foundation},
  url          = {https://www.python.org/}
}
