%
% references.bib -- Bibliography file
%
% (c) 2019 Autor, Hochschule Rapperswil
%

@article{paper:communication,
	author={D. {Gabor}},
	journal={Journal of the Institution of Electrical Engineers - Part III: Radio and Communication Engineering},
	title={Theory of communication. Part 1: The analysis of information},
	year={1946},
	volume={93},
	number={26},
	pages={429-441},
	keywords={telecommunication},
	doi={10.1049/ji-3-2.1946.0074},
	ISSN={},
	month={November},}

@techreport{online:cifar10,
	author = {Park Chansung},
	title = {CIFAR-10 Image Classification in TensorFlow},
	url = {https://towardsdatascience.com/cifar-10-image-classification-in-tensorflow-5b501f7dc77c},
	urldate = {2019-06-03}
}

@techreport{paper:cifar10,
	author = {Alex Krizhevsky},
	title = {Learning multiple layers of features from tiny images},
	institution = {Computer Science, University of Toronto},
	year = {2009}
}


@techreport{paper:imgrep,
	author = {Tai Sing Lee},
	title = {Image Representation Using 2D Gabor Wavelets},
	institution = {Carnegie Mellon University},
	year = {1996}
}

@book{book:neuroscience,
	author = {Bear, Mark and Connors, Barry and Paradiso, Michael},
	year = {2015},
	month = {01},
	chapter = {10},
	title = {Neuroscience: Exploring the brain: Fourth edition}
}