%
% references.bib -- Bibliography file
%
% (c) 2019 Autor, Hochschule Rapperswil
%

@online{wikipedia:Window,
	url = {https://en.wikipedia.org/wiki/Window_function}
}

