%
% references.bib -- Bibliography file
%
% (c) 2019 Autor, Hochschule Rapperswil
%

@unpublished{skript:Akustik2,
	author = {J. Blauert},
	title = {Akustik 2},
	university = {Ruhr-Universit√§t Bochum},
	language = {german}
}

@online{wikipedia:Psychoakustik,
	url = {https://de.wikipedia.org/wiki/Psychoakustik}
}

@online{wikipedia:flac,
	url = {https://en.wikipedia.org/wiki/FLAC}
	}

@online{wikipedia:wendehals,
	url = {https://de.wikipedia.org/wiki/Wendehals_(Vogel)}
}
