%
% references.bib
%
% (c) 2019 Jonas Gr√ºndler / Nicolas Tobler, Hochschule Rapperswil
%

@Article{lifting:Daubechies1998,
	author="Ingrid Daubechies and Wim Sweldens",
	title="Factoring wavelet transforms into lifting steps",
	journal="Journal of Fourier Analysis and Applications",
	year="1998",
	month="May",
	day="01",
	volume="4",
	number="3",
	pages="247--269",
	issn="1531-5851",
	doi="10.1007/BF02476026",
	url="https://doi.org/10.1007/BF02476026"
}

