%
% references.bib -- Bibliography file
%
% (c) 2019 Autor, Hochschule Rapperswil
%
@bool{buch:image_processing,
	author = {John C.Russ},
	title = {The Image Processing Handbook},
	publisher= {CRC Press},
	year = {2002},
	language = {english},
	isbn = {978-0-429-11833-3},
}
