%
% references.bib -- Bibliography file
%
% (c) 2019 Autor, Hochschule Rapperswil
%
@misc{gemaelde:vignon,
	author = {Claude Vignon},
	titel = {Martyrium des heiligen Laurentius},
	year = {1627},
}

@book{buch:joeckle,
	author = {Clemens Jöckle},
	title = {Der heilige Laurentius - Diakon und Märtyrer},
	publisher = {Sadifa-Media},
	year = {2008},
	language = {german},
	isbn = {978-3-88786-365-4},
}

@book{buch:meinke,
	author = {Hans Heinrich Meinke},
	title = {Elektromagnetische Wellen - Eine unsichtbare Welt},
	publisher = {Springer-Verlag},
	year = {1963},
	language = {german},
	isbn = {978-3-54003-072-0},
}

@book{buch:unger,
	author = {Hans-Georg Unger},
	title = {Hochfrequenztechnik in Funk und Radar},
	publisher = {B.G.Teubner Stuttgart},
	year = {1972},
	language = {german},
	isbn = {978-3-51900-018-0},
}

@proceedings{lexikon:meyer,
	editor = {Karl Schaifers, Gerhard Traving},
	title = {Meyers Handbuch über das Weltall},
	publisher = {Birkhaeuser Boston; 1st edition (1980)},
	year = {1980},
	language = {german},
	isbn = {978-3-41100-940-3}
}

@online{web:brodbeck,
	editor = {Roland Brodbeck},
	title = {Meteor, Sternschnuppe},
	URL = {https://lexikon.astronomie.info/meteor/},
	DAY = {9},
	MONTH = juni,
	YEAR = 2019,
}

