%
% references.bib -- Bibliography file
%
% (c) 2019 Autor, Hochschule Rapperswil
%
@book{buch:ABB,
	author = {S. Kämpfer and G. Kopatsch},
	title = {ABB Schaltanlagen-Handbuch},
	publisher = {Cornelsen Lehrbuch},
	year = {2011},
	language = {german},
	isbn = {978-3-589-24102-6},
}

@book{buch:Kuchler,
	author = {A. Küchler},
	title = {Hochspannungstechnik},
	publisher = {Springer},
	year = {2009},
	language = {german},
	isbn = {978-3-540-78412-8},
}

@article{skript:Judd24ps,
author = {A. J. Reid and M. D. Judd},
title = {Ultra-wide bandwidth measurement of partial discharge current pulses in SF6},
journal = {J. Phys. D: Appl. Phys.},
volume = {45},
pages = {1-10},
year = {2012}
}

@article{skript:StatusReviewPDMeasurement,
	author = {I. A. Metwally},
	title = {Status review on partial discharge measurement techniques
	in gas-insulated switchgear/lines},
	journal = {Electric Power Systems Research},
	volume = {69},
	pages = {25-36},
	year = {2004}
}


@book{skript:InnereTE,
	author = {K. Temmen},
	title = {Grundlagen der physikalischen Vorgänge 1: Innere Teilentladung},
    subtilte = {Schulungsunterlagen Technische Akademie Esslingen},
	year = {2011}
}

@book{skript:AeussreTE,
	author = {K. Temmen},
	title = {Grundlagen der physikalischen Vorgänge 2: Äussere Teilentladung},
	subtilte = {Schulungsunterlagen Technische Akademie Esslingen},
	year = {2011}
}


@online{buch:GIS/AIS,
title = {Systemvergleich GIS/AIS für Versorgungsnetze in Ballungsräumen},
URL = {https://library.e.abb.com/public/5f8c2c2f2fc2ec08c12578570058f4d8/ABB%20Review%201999-02_19-26_de.pdf},
DAY = {09},
MONTH = april,
YEAR = 2019,
}

@phdthesis{buch:UHFSignale,
author = {G. Wanninger},
title = {Ultrahochfrequente Teilentladungssignale in gasisolierten Schaltanlagen (GIS)},
scool = {Technische Universität München},
year = {1998}
}

@booklet{report:ABBOnSite,
autor = {G. Behrmann},
title = {On-site PD Assessment},
institution = {ABB Schweiz AG}
}

@booklet{report:PDBasicABB,
	autor = {G. Behrmann, M. Schraudolph},
	title = {GIS PD Basic},
	subtilte = {Schulungsunterlagen ABB intern},
	institution = {ABB Schweiz AG}
}


