%
% references.bib
%
@book{buch:daubechies,
	author = {Ingrid Daubechies},
	title = {Ten Lectures on Wavelets},
	publisher = {SIAM},
	year = {1992},
	language = {english},
	isbn = {0-89871-274-2},
}

@book{buch:blatter,
	author = {Christian Blatter},
	title = {Wavelets -- Eine Einführung},
	publisher = {Vieweg},
	edition = {2. Auflage},
	year = {2003},
	isbn = {978-3-528-16947-3},
}

@book{buch:addison,
	author = {Paul S. Addison},
	title = {The Illustrated Wavelet Transform Handbook},
	publisher = {CRC Press},
	year = {2017},
	isbn = {978-1-4822-5132-6},
}

@online{buch:Wavelet,
	title = {Wikipedia: Wavelet},
	URL = {de.wikipedia.org/wiki/Wavelet},
	DAY = {27},
	MONTH = january,
	YEAR = 2019
}

@article{skript:millero,
	author = { F. J. Millero and A. Gonzalez and G. K. Ward },
	title = { The density of seawater solutions at one atmosphere as a function of temperature and salinity},
	journal = {J. Mar. Res.},
	volume = {34},
	pages = {61–93},
	year = {1976}
}

@book{buch:mathsem-dgl,
	title = {Mathematisches Seminar Differentialgleichungen},
	author = { Andreas M"uller and others },
	year = {2016},
}

@book{buch:mathsem-klima,
	title = {Mathematisches Seminar Klimawandel},
	author = { Andreas M"uller and others },
	year = {2018},
}

@book{buch:wrstatskript,
	author = {Andreas Müller},
	title = {Wahrscheinlichkeit und Statistik},
	subtitle = {Skript zur Vorlesung an der HSR},
	year = {2018},
}

@online{buch:fftw,
	title = {Fastest Fourier Transform in the West},
	url = {http://www.fftw.org/},
        DAY = {23},
        MONTH = july,
        YEAR = 2018
}

@online{buch:repo,
	subtitle = {Source Code Repository},
	author = {Andreas Müller},
	url = {https://github.com/AndreasFMueller/SeminarWavelets.git},
	DAY = 29,
	MONTH = january,
	YEAR = 2019
}
